@article{gouezel2018entropy,
	AUTHOR = {Gou\"{e}zel, S\'{e}bastien and Math\'{e}us, Fr\'{e}d\'{e}ric and Maucourant,
	Fran\c{c}ois},
	TITLE = {Entropy and drift in word hyperbolic groups},
	JOURNAL = {Invent. Math.},
	FJOURNAL = {Inventiones Mathematicae},
	VOLUME = {211},
	YEAR = {2018},
	NUMBER = {3},
	PAGES = {1201--1255},
	ISSN = {0020-9910},
	MRCLASS = {37B10 (22E40 60B15 60J05)},
	MRNUMBER = {3763407},
	MRREVIEWER = {Douglas P. Dokken},
	DOI = {10.1007/s00222-018-0788-y},
	URL = {https://doi.org/10.1007/s00222-018-0788-y}	
}

@article {MR2969625,
	AUTHOR = {B\'{a}r\'{a}ny, B. and Pollicott, M. and Simon, K.},
	TITLE = {Stationary measures for projective transformations: the
	{B}lackwell and {F}urstenberg measures},
	JOURNAL = {J. Stat. Phys.},
	FJOURNAL = {Journal of Statistical Physics},
	VOLUME = {148},
	YEAR = {2012},
	NUMBER = {3},
	PAGES = {393--421},
	ISSN = {0022-4715},
	MRCLASS = {37A10},
	MRNUMBER = {2969625},
	DOI = {10.1007/s10955-012-0541-7},
	URL = {https://doi.org/10.1007/s10955-012-0541-7},
}

@misc{kogler2022local,
	title={Local limit theorem for random walks on symmetric spaces}, 
	author={Constantin Kogler},
	year={2022},
	eprint={2211.11128},
	archivePrefix={arXiv},
	primaryClass={math.PR}
}

@misc{kittle2023absolutely,
	title={Absolutely continuous Furstenberg measures}, 
	author={Samuel Kittle},
	year={2023},
	eprint={2305.05757},
	archivePrefix={arXiv},
	primaryClass={math.DS}
}

@inbook{Bourgain2012,
    AUTHOR = {Bourgain, Jean},
	TITLE = {Finitely supported measures on {$SL_2(\Bbb R)$} which are
	absolutely continuous at infinity},
	BOOKTITLE = {Geometric aspects of functional analysis},
	SERIES = {Lecture Notes in Math.},
	VOLUME = {2050},
	PAGES = {133--141},
	PUBLISHER = {Springer, Heidelberg},
	YEAR = {2012},
	MRCLASS = {60B15},
	MRNUMBER = {2985129},
	MRREVIEWER = {Christophe Cuny},
	DOI = {10.1007/978-3-642-29849-3\_7},
	URL = {https://doi.org/10.1007/978-3-642-29849-3_7},
}

@misc{benard2023winding,
	title={Winding of geodesic rays chosen by a harmonic measure}, 
	author={Timothée Bénard},
	year={2023},
	eprint={2211.15232},
	archivePrefix={arXiv},
	primaryClass={math.DS}
}

@article {MR4069238,
	AUTHOR = {Gekhtman, Ilya and Tiozzo, Giulio},
	TITLE = {Entropy and drift for {G}ibbs measures on geometrically finite
	manifolds},
	JOURNAL = {Trans. Amer. Math. Soc.},
	FJOURNAL = {Transactions of the American Mathematical Society},
	VOLUME = {373},
	YEAR = {2020},
	NUMBER = {4},
	PAGES = {2949--2980},
	ISSN = {0002-9947},
	MRCLASS = {37D35 (53D25 60G50)},
	MRNUMBER = {4069238},
	DOI = {10.1090/tran/8036},
	URL = {https://doi.org/10.1090/tran/8036},
}

@book{folland_ramana,
	title =     {Real analysis: modern techniques and their applications},
	author =    {Gerald B. Folland},
	publisher = {Wiley},
	isbn =      {9780471317166},
	year =      {1999},
	series =    {PAM},
	edition =   {2},
	volume =    {}
}

@article{haus_dim,
	ISSN = {00029890, 19300972},
	URL = {http://www.jstor.org/stable/27642249},
	author = {Dierk Schleicher},
	journal = {The American Mathematical Monthly},
	number = {6},
	pages = {509--528},
	publisher = {Mathematical Association of America},
	title = {Hausdorff Dimension, Its Properties, and Its Surprises},
	urldate = {2023-03-03},
	volume = {114},
	year = {2007}
}

@article {guivarch1990,
	AUTHOR = {Guivarc'h, Yves and Le Jan, Yves},
	TITLE = {Sur l'enroulement du flot g\'{e}od\'{e}sique},
	JOURNAL = {C. R. Acad. Sci. Paris S\'{e}r. I Math.},
	FJOURNAL = {Comptes Rendus de l'Acad\'{e}mie des Sciences. S\'{e}rie I.
	Math\'{e}matique},
	VOLUME = {311},
	YEAR = {1990},
	NUMBER = {10},
	PAGES = {645--648},
	ISSN = {0764-4442},
	MRCLASS = {58F17 (58G32)},
	MRNUMBER = {1081425},
	MRREVIEWER = {Nicola\u{\i} T. A. Haydn},
}


@book {MR2548569,
	AUTHOR = {Woess, Wolfgang},
	TITLE = {Denumerable {M}arkov chains},
	SERIES = {EMS Textbooks in Mathematics},
	NOTE = {Generating functions, boundary theory, random walks on trees},
	PUBLISHER = {European Mathematical Society (EMS), Z\"{u}rich},
	YEAR = {2009},
	PAGES = {xviii+351},
	ISBN = {978-3-03719-071-5},
	MRCLASS = {60J10 (60G50 60J45 60J50)},
	MRNUMBER = {2548569},
	MRREVIEWER = {Sara Brofferio},
	DOI = {10.4171/071},
	URL = {https://doi.org/10.4171/071},
}

@article{phillips1994circle,
	AUTHOR = {Phillips, Ralph and Rudnick, Ze\'{e}v},
	TITLE = {The circle problem in the hyperbolic plane},
	JOURNAL = {J. Funct. Anal.},
	FJOURNAL = {Journal of Functional Analysis},
	VOLUME = {121},
	YEAR = {1994},
	NUMBER = {1},
	PAGES = {78--116},
	ISSN = {0022-1236},
	MRCLASS = {11P21 (11F72)},
	MRNUMBER = {1270589},
	MRREVIEWER = {James Lee Hafner},
	DOI = {10.1006/jfan.1994.1045},
	URL = {https://doi.org/10.1006/jfan.1994.1045}
}



@misc{kapovich2002boundaries,
	title={Boundaries of hyperbolic groups},
	author={Ilya Kapovich and Nadia Benakli},
	year={2002},
	eprint={math/0202286},
	archivePrefix={arXiv},
	primaryClass={math.GR}
}


@article{kaimanovich2000poisson,
	AUTHOR = {Kaimanovich, Vadim A.},
	TITLE = {The {P}oisson formula for groups with hyperbolic properties},
	JOURNAL = {Ann. of Math. (2)},
	FJOURNAL = {Annals of Mathematics. Second Series},
	VOLUME = {152},
	YEAR = {2000},
	NUMBER = {3},
	PAGES = {659--692},
	ISSN = {0003-486X},
	MRCLASS = {60J35 (20F67 28D20 31C05 60G50 60J50)},
	MRNUMBER = {1815698},
	MRREVIEWER = {Wolfgang Woess},
	DOI = {10.2307/2661351},
	URL = {https://doi.org/10.2307/2661351}
}


@article{tanaka2017dimension,
	AUTHOR = {Tanaka, Ryokichi},
	TITLE = {Dimension of harmonic measures in hyperbolic spaces},
	JOURNAL = {Ergodic Theory Dynam. Systems},
	FJOURNAL = {Ergodic Theory and Dynamical Systems},
	VOLUME = {39},
	YEAR = {2019},
	NUMBER = {2},
	PAGES = {474--499},
	ISSN = {0143-3857},
	MRCLASS = {20F67 (28A78 28A80 31E05 37A35 60B05 60B15 60J50)},
	MRNUMBER = {3893268},
	MRREVIEWER = {B. M. Gurevich},
	DOI = {10.1017/etds.2017.23},
	URL = {https://doi.org/10.1017/etds.2017.23}
}


@book{book:110271,
	AUTHOR = {Bridson, Martin R. and Haefliger, Andr\'{e}},
	TITLE = {Metric spaces of non-positive curvature},
	SERIES = {Grundlehren der Mathematischen Wissenschaften [Fundamental
	Principles of Mathematical Sciences]},
	VOLUME = {319},
	PUBLISHER = {Springer-Verlag, Berlin},
	YEAR = {1999},
	PAGES = {xxii+643},
	ISBN = {3-540-64324-9},
	MRCLASS = {53C23 (20F65 53C70 57M07)},
	MRNUMBER = {1744486},
	MRREVIEWER = {Athanase Papadopoulos},
	DOI = {10.1007/978-3-662-12494-9},
	URL = {https://doi.org/10.1007/978-3-662-12494-9}
}


@article{cannon1984combinatorial,
	AUTHOR = {Cannon, James W.},
	TITLE = {The combinatorial structure of cocompact discrete hyperbolic
	groups},
	JOURNAL = {Geom. Dedicata},
	FJOURNAL = {Geometriae Dedicata},
	VOLUME = {16},
	YEAR = {1984},
	NUMBER = {2},
	PAGES = {123--148},
	ISSN = {0046-5755},
	MRCLASS = {20F10 (05C25 22E40 57M05)},
	MRNUMBER = {758901},
	MRREVIEWER = {William Harvey},
	DOI = {10.1007/BF00146825},
	URL = {https://doi.org/10.1007/BF00146825}
}


@incollection{guivarc1980loi,
	AUTHOR = {Guivarc'h, Y.},
	TITLE = {Sur la loi des grands nombres et le rayon spectral d'une
	marche al\'{e}atoire},
	BOOKTITLE = {Conference on {R}andom {W}alks ({K}leebach, 1979) ({F}rench)},
	SERIES = {Ast\'{e}risque},
	VOLUME = {74},
	PAGES = {47--98, 3},
	PUBLISHER = {Soc. Math. France, Paris},
	YEAR = {1980},
	MRCLASS = {60B15 (60F15)},
	MRNUMBER = {588157},
	MRREVIEWER = {Yves Derriennic}
}


@article{zbMATH04201213,
	
	Author = {Yves {Guivarc'h} and Yves {Le Jan}},
	
	Title = {{Sur l'enroulement du flot g\'eod\'esique. (On the winding of the geodesic flow).}},
	
	FJournal = {{Comptes Rendus de l'Acad\'emie des Sciences. S\'erie I}},
	
	Journal = {{C. R. Acad. Sci., Paris, S\'er. I}},
	
	ISSN = {0764-4442},
	
	Volume = {311},
	
	Number = {10},
	
	Pages = {645--648},
	
	Year = {1990},
	
	Publisher = {Elsevier, Paris},
	
	Language = {French},
	
	MSC2010 = {37D40 53D25 37A99},
	
	Zbl = {0727.58033}
	
}

@article {linaudpan,
	AUTHOR = {Li, Jialun and Naud, Fr\'{e}d\'{e}ric and Pan, Wenyu},
	TITLE = {Kleinian {S}chottky groups, {P}atterson-{S}ullivan measures,
	and {F}ourier decay},
	NOTE = {With an appendix by Li},
	JOURNAL = {Duke Math. J.},
	FJOURNAL = {Duke Mathematical Journal},
	VOLUME = {170},
	YEAR = {2021},
	NUMBER = {4},
	PAGES = {775--825},
	ISSN = {0012-7094},
	MRCLASS = {30F40 (22E40 37F32 42B10)},
	MRNUMBER = {4280090},
	MRREVIEWER = {James W. Anderson},
	DOI = {10.1215/00127094-2020-0058},
	URL = {https://doi.org/10.1215/00127094-2020-0058},
}



@article{blachere2011harmonic,
	AUTHOR = {Blach\`ere, S\'{e}bastien and Ha\"{i}ssinsky, Peter and Mathieu, Pierre},
	TITLE = {Harmonic measures versus quasiconformal measures for
	hyperbolic groups},
	JOURNAL = {Ann. Sci. \'{E}c. Norm. Sup\'{e}r. (4)},
	FJOURNAL = {Annales Scientifiques de l'\'{E}cole Normale Sup\'{e}rieure. Quatri\`eme
	S\'{e}rie},
	VOLUME = {44},
	YEAR = {2011},
	NUMBER = {4},
	PAGES = {683--721},
	ISSN = {0012-9593},
	MRCLASS = {20F67 (31C12 31C45 60B15)},
	MRNUMBER = {2919980},
	MRREVIEWER = {Goulnara N. Arzhantseva},
	DOI = {10.24033/asens.2153},
	URL = {https://doi.org/10.24033/asens.2153}
}

@article{connelmuchnik,
    AUTHOR = {Connell, Chris and Muchnik, Roman},
	TITLE = {Harmonicity of quasiconformal measures and {P}oisson
	boundaries of hyperbolic spaces},
	JOURNAL = {Geom. Funct. Anal.},
	FJOURNAL = {Geometric and Functional Analysis},
	VOLUME = {17},
	YEAR = {2007},
	NUMBER = {3},
	PAGES = {707--769},
	ISSN = {1016-443X},
	MRCLASS = {60J50 (30F40 30F60 37A35 41A58 41A65)},
	MRNUMBER = {2346273},
	DOI = {10.1007/s00039-007-0608-9},
	URL = {https://doi.org/10.1007/s00039-007-0608-9}
}


@article{gouezel2015martin,
	AUTHOR = {Gou\"{e}zel, S\'{e}bastien},
	TITLE = {Martin boundary of random walks with unbounded jumps in
	hyperbolic groups},
	JOURNAL = {Ann. Probab.},
	FJOURNAL = {The Annals of Probability},
	VOLUME = {43},
	YEAR = {2015},
	NUMBER = {5},
	PAGES = {2374--2404},
	ISSN = {0091-1798},
	MRCLASS = {60J50 (31C35 60B15)},
	MRNUMBER = {3395464},
	MRREVIEWER = {Roman Urban},
	DOI = {10.1214/14-AOP938},
	URL = {https://doi.org/10.1214/14-AOP938}
}


@article{gouezel2014local,
	AUTHOR = {Gou\"{e}zel, S\'{e}bastien},
	TITLE = {Local limit theorem for symmetric random walks in
	{G}romov-hyperbolic groups},
	JOURNAL = {J. Amer. Math. Soc.},
	FJOURNAL = {Journal of the American Mathematical Society},
	VOLUME = {27},
	YEAR = {2014},
	NUMBER = {3},
	PAGES = {893--928},
	ISSN = {0894-0347},
	MRCLASS = {60J50 (05C81 20F67)},
	MRNUMBER = {3194496},
	MRREVIEWER = {Wolfgang Woess},
	DOI = {10.1090/S0894-0347-2014-00788-8},
	URL = {https://doi.org/10.1090/S0894-0347-2014-00788-8}
}

@article {Ma,
	AUTHOR = {Maskit, Bernard},
	TITLE = {On {P}oincar\'{e}'s theorem for fundamental polygons},
	JOURNAL = {Advances in Math.},
	FJOURNAL = {Advances in Mathematics},
	VOLUME = {7},
	YEAR = {1971},
	PAGES = {219--230},
	ISSN = {0001-8708},
	MRCLASS = {30A58},
	MRNUMBER = {297997},
	MRREVIEWER = {J. Lehner},
	DOI = {10.1016/S0001-8708(71)80003-8},
	URL = {https://doi.org/10.1016/S0001-8708(71)80003-8},
}


@article{kaimanovich2011matrix,
	AUTHOR = {Kaimanovich, Vadim A. and Le Prince, Vincent},
	TITLE = {Matrix random products with singular harmonic measure},
	JOURNAL = {Geom. Dedicata},
	FJOURNAL = {Geometriae Dedicata},
	VOLUME = {150},
	YEAR = {2011},
	PAGES = {257--279},
	ISSN = {0046-5755},
	MRCLASS = {60J50},
	MRNUMBER = {2753707},
	DOI = {10.1007/s10711-010-9504-9},
	URL = {https://doi.org/10.1007/s10711-010-9504-9}
}


@book{book:291162,
	AUTHOR = {Katok, Svetlana},
	TITLE = {Fuchsian groups},
	SERIES = {Chicago Lectures in Mathematics},
	PUBLISHER = {University of Chicago Press, Chicago, IL},
	YEAR = {1992},
	PAGES = {x+175},
	ISBN = {0-226-42582-7},
	MRCLASS = {20H10 (30F35)},
	MRNUMBER = {1177168},
	MRREVIEWER = {I. Kra}
}

@inproceedings{Gadre2015WordLS,
	title={Word length statistics and Lyapunov exponents for Fuchsian groups with cusps},
	author={Vaibhav Gadre and Joseph Maher and Giulio Tiozzo},
	year={2015}
}

@article{10.4310/jdg/1214458530,
	author = {James W. Anderson and Richard D. Canary and Marc Culler and Peter B. Shalen},
	title = {{Free Kleinian groups and volumes of hyperbolic {3}-manifolds}},
	volume = {43},
	journal = {Journal of Differential Geometry},
	number = {4},
	publisher = {Lehigh University},
	pages = {738 -- 782},
	year = {1996},
	doi = {10.4310/jdg/1214458530},
	URL = {https://doi.org/10.4310/jdg/1214458530}
}

@article{10.2307/2152768,
	ISSN = {08940347, 10886834},
	URL = {http://www.jstor.org/stable/2152768},
	author = {Marc Culler and Peter B. Shalen},
	journal = {Journal of the American Mathematical Society},
	number = {2},
	pages = {231--288},
	publisher = {American Mathematical Society},
	title = {Paradoxical Decompositions, 2-Generator Kleinian Groups, and Volumes of Hyperbolic 3-Manifolds},
	volume = {5},
	year = {1992}
}

@inproceedings{Epstein1994AnEO,
	title={An exposition of Poincar'e''s Polyhedron Theorem},
	author={David B. A. Epstein and Carlo Petronio},
	year={1994}
}

@Inbook{Kapovich2008,
	author="Kapovich, Michael",
	editor="Kapranov, Mikhail
	and Manin, Yuri Ivanovich
	and Moree, Pieter
	and Kolyada, Sergiy
	and Potyagailo, Leonid",
	title="Kleinian Groups in Higher Dimensions",
	bookTitle="Geometry and Dynamics of Groups and Spaces: In Memory of Alexander Reznikov",
	year="2008",
	publisher="Birkh{\"a}user Basel",
	address="Basel",
	pages="487--564",
	abstract="This is a survey of higher-dimensional Kleinian groups, i.e., discrete isometry groups of the hyperbolic n-space ℍnfor n ≥ 4. Our main emphasis is on the topological and geometric aspects of higher-dimensional Kleinian groups and their contrast with the discrete groups of isometry of ℍ3.",
	isbn="978-3-7643-8608-5",
	doi="10.1007/978-3-7643-8608-5_13",
	url="https://doi.org/10.1007/978-3-7643-8608-5_13"
}



@ARTICLE{2019arXiv190411581R,
	AUTHOR = {Randecker, Anja and Tiozzo, Giulio},
	TITLE = {Cusp excursion in hyperbolic manifolds and singularity of
	harmonic measure},
	JOURNAL = {J. Mod. Dyn.},
	FJOURNAL = {Journal of Modern Dynamics},
	VOLUME = {17},
	YEAR = {2021},
	PAGES = {183--211},
	ISSN = {1930-5311},
	MRCLASS = {53C22 (31C12 37D40 60G50 60J50)},
	MRNUMBER = {4251941},
	MRREVIEWER = {S\'{e}bastien Alvarez},
	DOI = {10.3934/jmd.2021006},
	URL = {https://doi.org/10.3934/jmd.2021006},
}

@article{vershik2001numerical,
	title={Numerical characteristics of groups and corresponding relations},
	author={Vershik, Anatoly},
	journal={J. Math. Sci.(N.Y.)},
	volume={107},
	number={5},
	pages={4147--4156},
	year={2001},
	publisher={Springer}
}

@incollection{PSMIR_1994___2_A4_0,
	AUTHOR = {Kaimanovich, Vadim A. and Masur, Howard},
	TITLE = {The {P}oisson boundary of the mapping class group and of
	{T}eichm\"{u}ller space},
	BOOKTITLE = {Fascicule de probabilit\'{e}s},
	SERIES = {Publ. Inst. Rech. Math. Rennes},
	VOLUME = {1994},
	PAGES = {69},
	PUBLISHER = {Univ. Rennes I, Rennes},
	YEAR = {1994},
	MRCLASS = {32G15 (30F60 57M07 58G32 60J50)},
	MRNUMBER = {1383328},
	MRREVIEWER = {Michel Coornaert}
}


@ARTICLE{2017arXiv171200860F,
	author = {{Forghani}, Behrang and {Tiozzo}, Giulio},
	title = "{Random walks of infinite moment on free semigroups}",
	journal = {arXiv e-prints},
	keywords = {Mathematics - Dynamical Systems, Mathematics - Group Theory, Mathematics - Probability},
	year = "2017",
	month = "Dec",
	eid = {arXiv:1712.00860},
	pages = {arXiv:1712.00860},
	archivePrefix = {arXiv},
	eprint = {1712.00860},
	primaryClass = {math.DS},
	adsurl = {https://ui.adsabs.harvard.edu/\#abs/2017arXiv171200860F},
	adsnote = {Provided by the SAO/NASA Astrophysics Data System}
}

@article {LT,
	AUTHOR = {Labourie, Fran\c{c}ois and Tan, Ser Peow},
	TITLE = {The probabilistic nature of {M}c{S}hane's identity: planar
	tree coding of simple loops},
	JOURNAL = {Geom. Dedicata},
	FJOURNAL = {Geometriae Dedicata},
	VOLUME = {192},
	YEAR = {2018},
	PAGES = {245--266},
	ISSN = {0046-5755},
	MRCLASS = {57M50 (20H10 53C22 60B05)},
	MRNUMBER = {3749430},
	MRREVIEWER = {Taras Banakh},
	DOI = {10.1007/s10711-017-0307-0},
	URL = {https://doi.org/10.1007/s10711-017-0307-0},
}

@article{ledrappier1990harmonic,
	AUTHOR = {Ledrappier, F.},
	TITLE = {Harmonic measures and {B}owen-{M}argulis measures},
	JOURNAL = {Israel J. Math.},
	FJOURNAL = {Israel Journal of Mathematics},
	VOLUME = {71},
	YEAR = {1990},
	NUMBER = {3},
	PAGES = {275--287},
	ISSN = {0021-2172},
	MRCLASS = {58F17 (58F11 58G32)},
	MRNUMBER = {1088820},
	MRREVIEWER = {Viviane Baladi},
	DOI = {10.1007/BF02773746},
	URL = {https://doi.org/10.1007/BF02773746}
}


@ARTICLE{2008arXiv0807.1015K,
	author = {{Kaimanovich}, Vadim A. and {Le Prince}, Vincent},
	title = "{Matrix random products with singular harmonic measure}",
	journal = {arXiv e-prints},
	keywords = {Mathematics - Probability, 60J50, 28A78, 37D25, 53C35},
	year = "2008",
	month = "Jul",
	eid = {arXiv:0807.1015},
	pages = {arXiv:0807.1015},
	archivePrefix = {arXiv},
	eprint = {0807.1015},
	primaryClass = {math.PR},
	adsurl = {https://ui.adsabs.harvard.edu/\#abs/2008arXiv0807.1015K},
	adsnote = {Provided by the SAO/NASA Astrophysics Data System}
}


@article{kaimanovich1983random,
	AUTHOR = {Kaimanovich, V. A. and Vershik, A. M.},
	TITLE = {Random walks on discrete groups: boundary and entropy},
	JOURNAL = {Ann. Probab.},
	FJOURNAL = {The Annals of Probability},
	VOLUME = {11},
	YEAR = {1983},
	NUMBER = {3},
	PAGES = {457--490},
	ISSN = {0091-1798},
	MRCLASS = {60B15 (43A07 60J15)},
	MRNUMBER = {704539},
	MRREVIEWER = {Yves Derriennic}
}


@article{kesten1959symmetric,
	AUTHOR = {Kesten, Harry},
	TITLE = {Symmetric random walks on groups},
	JOURNAL = {Trans. Amer. Math. Soc.},
	FJOURNAL = {Transactions of the American Mathematical Society},
	VOLUME = {92},
	YEAR = {1959},
	PAGES = {336--354},
	ISSN = {0002-9947},
	MRCLASS = {60.00 (20.00)},
	MRNUMBER = {109367},
	MRREVIEWER = {H. Bergstr\"{o}m},
	DOI = {10.2307/1993160},
	URL = {https://doi.org/10.2307/1993160}
}

@article{10.2307/24489015,
    AUTHOR = {Kesten, Harry},
	TITLE = {Full {B}anach mean values on countable groups},
	JOURNAL = {Math. Scand.},
	FJOURNAL = {Mathematica Scandinavica},
	VOLUME = {7},
	YEAR = {1959},
	PAGES = {146--156},
	ISSN = {0025-5521},
	MRCLASS = {46.00},
	MRNUMBER = {112053},
	MRREVIEWER = {E. Folner},
	DOI = {10.7146/math.scand.a-10568},
	URL = {https://doi.org/10.7146/math.scand.a-10568},
}

@article {MR0131904,
	AUTHOR = {Dynkin, E. B. and Maljutov, M. B.},
	TITLE = {Random walk on groups with a finite number of generators},
	JOURNAL = {Dokl. Akad. Nauk SSSR},
	FJOURNAL = {Doklady Akademii Nauk SSSR},
	VOLUME = {137},
	YEAR = {1961},
	PAGES = {1042--1045},
	ISSN = {0002-3264},
	MRCLASS = {60.08},
	MRNUMBER = {0131904},
	MRREVIEWER = {H. Kesten},
}

@incollection {MR1411218,
	AUTHOR = {Kaimanovich, Vadim A.},
	TITLE = {Boundaries of invariant {M}arkov operators: the identification
	problem},
	BOOKTITLE = {Ergodic theory of {${\bf Z}^d$} actions ({W}arwick,
	1993--1994)},
	SERIES = {London Math. Soc. Lecture Note Ser.},
	VOLUME = {228},
	PAGES = {127--176},
	PUBLISHER = {Cambridge Univ. Press, Cambridge},
	YEAR = {1996},
	MRCLASS = {31C12 (28D05 31C35 60J50)},
	MRNUMBER = {1411218},
	MRREVIEWER = {Philippe Bougerol},
	DOI = {10.1017/CBO9780511662812.005},
	URL = {https://doi.org/10.1017/CBO9780511662812.005},
}

@article {MR704539,
	AUTHOR = {Kaimanovich, V. A. and Vershik, A. M.},
	TITLE = {Random walks on discrete groups: boundary and entropy},
	JOURNAL = {Ann. Probab.},
	FJOURNAL = {The Annals of Probability},
	VOLUME = {11},
	YEAR = {1983},
	NUMBER = {3},
	PAGES = {457--490},
	ISSN = {0091-1798},
	MRCLASS = {60B15 (43A07 60J15)},
	MRNUMBER = {704539},
	MRREVIEWER = {Yves Derriennic},
	URL =
	{http://links.jstor.org/sici?sici=0091-1798(198308)11:3<457:RWODGB>2.0.CO;2-5&origin=MSN},
}

@article{ledrappier1995,
	AUTHOR = {Ledrappier, Fran\c{c}ois},
	TITLE = {Central limit theorem in negative curvature},
	JOURNAL = {Ann. Probab.},
	FJOURNAL = {The Annals of Probability},
	VOLUME = {23},
	YEAR = {1995},
	NUMBER = {3},
	PAGES = {1219--1233},
	ISSN = {0091-1798},
	MRCLASS = {58G32 (60F05)},
	MRNUMBER = {1349169},
	MRREVIEWER = {Ming Liao}
}


@article{leprince2008,
	AUTHOR = {Le Prince, Vincent},
	TITLE = {A relation between dimension of the harmonic measure, entropy
	and drift for a random walk on a hyperbolic space},
	JOURNAL = {Electron. Commun. Probab.},
	FJOURNAL = {Electronic Communications in Probability},
	VOLUME = {13},
	YEAR = {2008},
	PAGES = {45--53},
	MRCLASS = {60G50 (20F67 28A78 28A80 28D20)},
	MRNUMBER = {2386061},
	MRREVIEWER = {Michel Coornaert},
	DOI = {10.1214/ECP.v13-1350},
	URL = {https://doi.org/10.1214/ECP.v13-1350}
}

@article {MR2568439,
	AUTHOR = {Deroin, Bertrand and Kleptsyn, Victor and Navas, Andr\'{e}s},
	TITLE = {On the question of ergodicity for minimal group actions on the
	circle},
	JOURNAL = {Mosc. Math. J.},
	FJOURNAL = {Moscow Mathematical Journal},
	VOLUME = {9},
	YEAR = {2009},
	NUMBER = {2},
	PAGES = {263--303, back matter},
	ISSN = {1609-3321},
	MRCLASS = {37C85 (37A50 37D25 37E10 37F15 60B15)},
	MRNUMBER = {2568439},
	MRREVIEWER = {Shigenori Matsumoto},
	DOI = {10.17323/1609-4514-2009-9-2-263-303},
	URL = {https://doi.org/10.17323/1609-4514-2009-9-2-263-303},
}

@article{ASENS_1993_4_26_1_23_0,
	author = {Guivarc'h, Y. and Le Jan, Y.},
	title = {Asymptotic winding of the geodesic flow on modular surfaces and continuous fractions},
	journal = {Annales scientifiques de l'\'Ecole Normale Sup\'erieure},
	pages = {23--50},
	publisher = {Elsevier},
	volume = {Ser. 4, 26},
	number = {1},
	year = {1993},
	doi = {10.24033/asens.1666},
	zbl = {0784.60076},
	mrnumber = {94a:58157},
	language = {en},
	url = {http://www.numdam.org/articles/10.24033/asens.1666/}
}

@article {McShane,
	AUTHOR = {McShane, Greg},
	TITLE = {Simple geodesics and a series constant over {T}eichmuller
	space},
	JOURNAL = {Invent. Math.},
	FJOURNAL = {Inventiones Mathematicae},
	VOLUME = {132},
	YEAR = {1998},
	NUMBER = {3},
	PAGES = {607--632},
	ISSN = {0020-9910},
	MRCLASS = {32G15 (30F60 57M50)},
	MRNUMBER = {1625712},
	MRREVIEWER = {Thomas A. Schmidt},
	DOI = {10.1007/s002220050235},
	URL = {https://doi.org/10.1007/s002220050235},
}

@article {MR1214072,
	AUTHOR = {Coornaert, Michel},
	TITLE = {Mesures de {P}atterson-{S}ullivan sur le bord d'un espace
	hyperbolique au sens de {G}romov},
	JOURNAL = {Pacific J. Math.},
	FJOURNAL = {Pacific Journal of Mathematics},
	VOLUME = {159},
	YEAR = {1993},
	NUMBER = {2},
	PAGES = {241--270},
	ISSN = {0030-8730},
	MRCLASS = {57S30 (20F32 30F35 30F40 53C23)},
	MRNUMBER = {1214072},
	MRREVIEWER = {Christopher W. Stark},
	URL = {http://projecteuclid.org/euclid.pjm/1102634263},
}

@article{BM,
	doi = {10.1090/proc/15280},
	url = {https://doi.org/10.1090%2Fproc%2F15280},
	year = 2020,
	month = {09},
	publisher = {American Mathematical Society ({AMS})},
	pages = {1},
	
	author = {Florent Balacheff and Louis Merlin},
	
	title = {A curvature-free log(2k-1) theorem},
	
	journal = {Proceedings of the American Mathematical Society}
}

@article {Ho,
	AUTHOR = {Hou, Yong},
	TITLE = {Critical exponent and displacement of negatively curved free
	groups},
	JOURNAL = {J. Differential Geom.},
	FJOURNAL = {Journal of Differential Geometry},
	VOLUME = {57},
	YEAR = {2001},
	NUMBER = {1},
	PAGES = {173--193},
	ISSN = {0022-040X},
	MRCLASS = {20F65 (22D40 53C21)},
	MRNUMBER = {1871493},
	MRREVIEWER = {Goulnara N. Arzhantseva},
	URL = {http://projecteuclid.org/euclid.jdg/1090348091},
}

@article {He,
	AUTHOR = {He, Yan Mary},
	TITLE = {On the displacement of generators of free {F}uchsian groups},
	JOURNAL = {Geom. Dedicata},
	FJOURNAL = {Geometriae Dedicata},
	VOLUME = {200},
	YEAR = {2019},
	PAGES = {255--264},
	ISSN = {0046-5755},
	MRCLASS = {20H10},
	MRNUMBER = {3956194},
	MRREVIEWER = {Jos\'{e} Javier Etayo},
	DOI = {10.1007/s10711-018-0369-7},
	URL = {https://doi.org/10.1007/s10711-018-0369-7},
}

@incollection {MR2807838,
	AUTHOR = {Karlsson, Anders and Ledrappier, Fran\c{c}ois},
	TITLE = {Noncommutative ergodic theorems},
	BOOKTITLE = {Geometry, rigidity, and group actions},
	SERIES = {Chicago Lectures in Math.},
	PAGES = {396--418},
	PUBLISHER = {Univ. Chicago Press, Chicago, IL},
	YEAR = {2011},
	MRCLASS = {37A30 (28D05 37A05 60B15)},
	MRNUMBER = {2807838},
	MRREVIEWER = {Nathaniel F. G. Martin},
}

@inproceedings{Ledrappier2001SomeAP,
	AUTHOR = {Ledrappier, Fran\c{c}ois},
	TITLE = {Some asymptotic properties of random walks on free groups},
	BOOKTITLE = {Topics in probability and {L}ie groups: boundary theory},
	SERIES = {CRM Proc. Lecture Notes},
	VOLUME = {28},
	PAGES = {117--152},
	PUBLISHER = {Amer. Math. Soc., Providence, RI},
	YEAR = {2001},
	MRCLASS = {60J50 (60B15 60G50)},
	MRNUMBER = {1832436},
	MRREVIEWER = {Wolfgang Woess},
	DOI = {10.1090/crmp/028/05},
	URL = {https://doi.org/10.1090/crmp/028/05},
}

@article{ledrappier1985poisson,
	AUTHOR = {Ledrappier, Fran\c{c}ois},
	TITLE = {Poisson boundaries of discrete groups of matrices},
	JOURNAL = {Israel J. Math.},
	FJOURNAL = {Israel Journal of Mathematics},
	VOLUME = {50},
	YEAR = {1985},
	NUMBER = {4},
	PAGES = {319--336},
	ISSN = {0021-2172},
	MRCLASS = {60B15 (22D40 60J15)},
	MRNUMBER = {800190},
	MRREVIEWER = {Yves Derriennic},
	DOI = {10.1007/BF02759763},
	URL = {https://doi.org/10.1007/BF02759763}
}

@article{ASENS_2013_4_46_1_131_0,
	author = {Gou\"{e}zel, S\'{e}bastien and Lalley, Steven P.},
	title = {Random walks on co-compact fuchsian groups},
	journal = {Annales scientifiques de l'\'Ecole Normale Sup\'erieure},
	pages = {131--175},
	publisher = {Soci\'et\'e math\'ematique de France},
	volume = {Ser. 4, 46},
	number = {1},
	year = {2013},
	doi = {10.24033/asens.2186},
	language = {en},
	url = {http://www.numdam.org/articles/10.24033/asens.2186/}
}



@incollection{furstenberg71,
	AUTHOR = {Furstenberg, Harry},
	TITLE = {Random walks and discrete subgroups of {L}ie groups},
	BOOKTITLE = {Advances in {P}robability and {R}elated {T}opics, {V}ol. 1},
	PAGES = {1--63},
	PUBLISHER = {Dekker, New York},
	YEAR = {1971},
	MRCLASS = {28.75 (22.00)},
	MRNUMBER = {0284569},
	MRREVIEWER = {H. Kesten}
}


@article{maher2018random,
	AUTHOR = {Maher, Joseph and Tiozzo, Giulio},
	TITLE = {Random walks on weakly hyperbolic groups},
	JOURNAL = {J. Reine Angew. Math.},
	FJOURNAL = {Journal f\"{u}r die Reine und Angewandte Mathematik. [Crelle's
	Journal]},
	VOLUME = {742},
	YEAR = {2018},
	PAGES = {187--239},
	ISSN = {0075-4102},
	MRCLASS = {20F67 (20F65 20P05 37D40 60B15 60G50)},
	MRNUMBER = {3849626},
	MRREVIEWER = {Peter Ha\"{\i}ssinsky},
	DOI = {10.1515/crelle-2015-0076},
	URL = {https://doi.org/10.1515/crelle-2015-0076}
}

@article{10.1093/imrn/rnaa213,
	author = {Kosenko, Petr},
	title = "{Fundamental Inequality for Hyperbolic Coxeter and Fuchsian Groups Equipped with Geometric Distances}",
	journal = {International Mathematics Research Notices},
	volume = {2021},
	number = {6},
	pages = {4709-4728},
	year = {2020},
	month = {08},
	abstract = "{We prove that the hitting measure is not equivalent to the Lebesgue measure for a large class of nearest-neighbour random walks on hyperb  olic reflection groups and Fuchsian groups with regular Dirichlet polygons.}",
	issn = {1073-7928},
	doi = {10.1093/imrn/rnaa213},
	url = {https://doi.org/10.1093/imrn/rnaa213},
	eprint = {https://academic.oup.com/imrn/article-pdf/2021/6/4709/36604844/rnaa213.pdf}
}

@article{kosenko_tiozzo_2022, 
	title={The fundamental inequality for cocompact Fuchsian groups}, 
	volume={10}, 
	DOI={10.1017/fms.2022.94}, 
	journal={Forum of Mathematics, Sigma}, 
	publisher={Cambridge University Press}, 
	author={Kosenko, Petr and Tiozzo, Giulio}, 
	year={2022}, 
	pages={e102}
}

@misc{kosenko2023asymptotics,
	title={Asymptotics of the first-passage function on free and Fuchsian groups}, 
	author={Petr Kosenko},
	year={2023},
	eprint={2301.09242},
	archivePrefix={arXiv},
	primaryClass={math.PR}
}

@article{furstenberg1963noncommuting,
	AUTHOR = {Furstenberg, Harry},
	TITLE = {Noncommuting random products},
	JOURNAL = {Trans. Amer. Math. Soc.},
	FJOURNAL = {Transactions of the American Mathematical Society},
	VOLUME = {108},
	YEAR = {1963},
	PAGES = {377--428},
	ISSN = {0002-9947},
	MRCLASS = {60.08 (60.66)},
	MRNUMBER = {163345},
	MRREVIEWER = {G.-C. Rota},
	DOI = {10.2307/1993589},
	URL = {https://doi.org/10.2307/1993589}
}

@article {BB,
	AUTHOR = {Blach\`ere, S\'{e}bastien and Brofferio, Sara},
	TITLE = {Internal diffusion limited aggregation on discrete groups
	having exponential growth},
	JOURNAL = {Probab. Theory Related Fields},
	FJOURNAL = {Probability Theory and Related Fields},
	VOLUME = {137},
	YEAR = {2007},
	NUMBER = {3-4},
	PAGES = {323--343},
	ISSN = {0178-8051},
	MRCLASS = {60K35 (60B15 82B24)},
	MRNUMBER = {2278460},
	MRREVIEWER = {Timo Sepp\"{a}l\"{a}inen},
	DOI = {10.1007/s00440-006-0009-2},
	URL = {https://doi.org/10.1007/s00440-006-0009-2},
}

@online{Lalley,
	author = {Lalley, Steven},
	title  = {Random Walks on Infinite Discrete Groups},
	date   = {2018-07},
	url    = {https://sites.math.northwestern.edu/~auffing/SNAP/rw-northwestern.pdf}
}

@book{book:62172,
	AUTHOR = {Davis, Michael W.},
	TITLE = {The geometry and topology of {C}oxeter groups},
	SERIES = {London Mathematical Society Monographs Series},
	VOLUME = {32},
	PUBLISHER = {Princeton University Press, Princeton, NJ},
	YEAR = {2008},
	PAGES = {xvi+584},
	ISBN = {978-0-691-13138-2},
	MRCLASS = {20F55 (05B45 05C25 51-02 57M07)},
	MRNUMBER = {2360474},
	MRREVIEWER = {Ralf Koehl}
}

@incollection {MR1100282,
	AUTHOR = {Ancona, A.},
	TITLE = {Th\'{e}orie du potentiel sur les graphes et les vari\'{e}t\'{e}s},
	BOOKTITLE = {\'{E}cole d'\'{e}t\'{e} de {P}robabilit\'{e}s de {S}aint-{F}lour
	{XVIII}---1988},
	SERIES = {Lecture Notes in Math.},
	VOLUME = {1427},
	PAGES = {1--112},
	PUBLISHER = {Springer, Berlin},
	YEAR = {1990},
	MRCLASS = {31C12 (58G99)},
	MRNUMBER = {1100282},
	MRREVIEWER = {T. J. Lyons},
	DOI = {10.1007/BFb0103041},
	URL = {https://doi.org/10.1007/BFb0103041},
}

@InProceedings{10.1007/BFb0103341,
	author="Ancona, Alano",
	editor="Kr{\'a}l, Josef
	and Luke{\v{s}}, Jaroslav
	and Netuka, Ivan
	and Vesel{\'y}, Ji{\v{r}}{\'i}",
	title="Positive harmonic functions and hyperbolicity",
	booktitle="Potential Theory Surveys and Problems",
	year="1988",
	publisher="Springer Berlin Heidelberg",
	address="Berlin, Heidelberg",
	pages="1--23",
	isbn="978-3-540-45952-1"
}


@article{derriennic1975marche,
	AUTHOR = {Derriennic, Yves},
	TITLE = {Marche al\'{e}atoire sur le groupe libre et fronti\`ere de {M}artin},
	JOURNAL = {Z. Wahrscheinlichkeitstheorie und Verw. Gebiete},
	FJOURNAL = {Zeitschrift f\"{u}r Wahrscheinlichkeitstheorie und Verwandte
	Gebiete},
	VOLUME = {32},
	YEAR = {1975},
	NUMBER = {4},
	PAGES = {261--276},
	MRCLASS = {60J15},
	MRNUMBER = {388545},
	MRREVIEWER = {Bernard Roynette},
	DOI = {10.1007/BF00535840},
	URL = {https://doi.org/10.1007/BF00535840},
}

@article{blachere2008asymptotic,
	AUTHOR = {Blach\`ere, S\'{e}bastien and Ha\"issinsky, Peter and Mathieu, Pierre},
	TITLE = {Asymptotic entropy and {G}reen speed for random walks on
	countable groups},
	JOURNAL = {Ann. Probab.},
	FJOURNAL = {The Annals of Probability},
	VOLUME = {36},
	YEAR = {2008},
	NUMBER = {3},
	PAGES = {1134--1152},
	ISSN = {0091-1798},
	MRCLASS = {60B15 (34B27)},
	MRNUMBER = {2408585},
	MRREVIEWER = {Sara Brofferio},
	DOI = {10.1214/07-AOP356},
	URL = {https://doi.org/10.1214/07-AOP356}
}



@article{10.2307/2244712,
	ISSN = {00911798},
	URL = {http://www.jstor.org/stable/2244712},
	abstract = {Local limit theorems and saddlepoint approximations are given for random walks on a free group whose step distributions have finite support. The techniques used to prove these results are necessarily different from those used for random walks in Euclidean spaces, because Fourier analysis is not available; the basic tools are the elementary theory of algebraic functions and the Perron-Frobenius theory of nonnegative matrices. An application to the structure of the boundary process is also given.},
	author = {Steven P. Lalley},
	journal = {The Annals of Probability},
	number = {4},
	pages = {2087--2130},
	publisher = {Institute of Mathematical Statistics},
	title = {Finite Range Random Walk on Free Groups and Homogeneous Trees},
	urldate = {2022-12-29},
	volume = {21},
	year = {1993}
}

@article {MR755228,
	AUTHOR = {Lyons, Terry and Sullivan, Dennis},
	TITLE = {Function theory, random paths and covering spaces},
	JOURNAL = {J. Differential Geom.},
	FJOURNAL = {Journal of Differential Geometry},
	VOLUME = {19},
	YEAR = {1984},
	NUMBER = {2},
	PAGES = {299--323},
	ISSN = {0022-040X},
	MRCLASS = {58G32 (31C12 60J65)},
	MRNUMBER = {755228},
	MRREVIEWER = {P. E. Jupp},
	URL = {http://projecteuclid.org/euclid.jdg/1214438681},
}

@misc{https://doi.org/10.48550/arxiv.2212.06581,
	doi = {10.48550/ARXIV.2212.06581},
	url = {https://arxiv.org/abs/2212.06581},
	author = {Azemar, Aitor and Gadre, Vaibhav and Gou\"{e}zel, S\'{e}bastien and Haettel, Thomas and Lessa, Pablo and Uyanik, Caglar},
	keywords = {Geometric Topology (math.GT), Group Theory (math.GR), Probability (math.PR), FOS: Mathematics, FOS: Mathematics, 05C81, 60B20, 20F67, 30F45, 20E08},
	title = {Random walk speed is a proper function on Teichm\"{u}ller space},
	publisher = {arXiv},
	year = {2022},
	copyright = {arXiv.org perpetual, non-exclusive license}
}

@article{gekhtman,
	author = {Dussaule, Matthieu and Gekhtman, Ilya},
	title = {Entropy and drift for word metrics on relatively hyperbolic groups},
	journal = {Groups Geom. Dyn.},
	volume = {14},
	number = {4},
	year = {2020},
	pages = {1455--1509}
}

@article {Buser2,
	AUTHOR = {Buser, Peter},
	TITLE = {The collar theorem and examples},
	JOURNAL = {Manuscripta Math.},
	FJOURNAL = {Manuscripta Mathematica},
	VOLUME = {25},
	YEAR = {1978},
	NUMBER = {4},
	PAGES = {349--357},
	ISSN = {0025-2611},
	MRCLASS = {53C22 (10D05 30F35 32G15 58G25)},
	MRNUMBER = {509590},
	MRREVIEWER = {R. J. Sibner},
	DOI = {10.1007/BF01168048},
	URL = {https://doi.org/10.1007/BF01168048},
}

@book {Buser,
	AUTHOR = {Buser, Peter},
	TITLE = {Geometry and spectra of compact {R}iemann surfaces},
	SERIES = {Modern Birkh\"{a}user Classics},
	NOTE = {Reprint of the 1992 edition},
	PUBLISHER = {Birkh\"{a}user Boston, Ltd., Boston, MA},
	YEAR = {2010},
	PAGES = {xvi+454},
	ISBN = {978-0-8176-4991-3},
	MRCLASS = {58J50 (30F10 32G15 58J53)},
	MRNUMBER = {2742784},
	DOI = {10.1007/978-0-8176-4992-0},
	URL = {https://doi.org/10.1007/978-0-8176-4992-0},
}

@article {CS,
	AUTHOR = {Culler, Marc and Shalen, Peter B.},
	TITLE = {Paradoxical decompositions, {$2$}-generator {K}leinian groups,
	and volumes of hyperbolic {$3$}-manifolds},
	JOURNAL = {J. Amer. Math. Soc.},
	FJOURNAL = {Journal of the American Mathematical Society},
	VOLUME = {5},
	YEAR = {1992},
	NUMBER = {2},
	PAGES = {231--288},
	ISSN = {0894-0347},
	MRCLASS = {57M50 (30F40)},
	MRNUMBER = {1135928},
	MRREVIEWER = {Colin C. Adams},
	DOI = {10.2307/2152768},
	URL = {https://doi.org/10.2307/2152768},
}

@article {ACCS,
	AUTHOR = {Anderson, James W. and Canary, Richard D. and Culler, Marc and
	Shalen, Peter B.},
	TITLE = {Free {K}leinian groups and volumes of hyperbolic
	{$3$}-manifolds},
	JOURNAL = {J. Differential Geom.},
	FJOURNAL = {Journal of Differential Geometry},
	VOLUME = {43},
	YEAR = {1996},
	NUMBER = {4},
	PAGES = {738--782},
	ISSN = {0022-040X},
	MRCLASS = {57M50 (20H10 30F40 57N10 57S30)},
	MRNUMBER = {1412683},
	MRREVIEWER = {Fr\'{e}d\'{e}ric Paulin},
	URL = {http://projecteuclid.org/euclid.jdg/1214458530},
}

@article {GT,
	AUTHOR = {Gekhtman, Ilya and Tiozzo, Giulio},
	TITLE = {Entropy and drift for {G}ibbs measures on geometrically finite
	manifolds},
	JOURNAL = {Trans. Amer. Math. Soc.},
	FJOURNAL = {Transactions of the American Mathematical Society},
	VOLUME = {373},
	YEAR = {2020},
	NUMBER = {4},
	PAGES = {2949--2980},
	ISSN = {0002-9947},
	MRCLASS = {37D35 (53D25 60G50)},
	MRNUMBER = {4069238},
	DOI = {10.1090/tran/8036},
	URL = {https://doi.org/10.1090/tran/8036},
}

@article {MR0030584,
	AUTHOR = {Rohlin, V. A.},
	TITLE = {On the fundamental ideas of measure theory},
	JOURNAL = {Mat. Sbornik N.S.},
	VOLUME = {25(67)},
	YEAR = {1949},
	PAGES = {107--150},
	MRCLASS = {27.2X},
	MRNUMBER = {0030584},
	MRREVIEWER = {P. R. Halmos},
}

@article {MR0217258,
	AUTHOR = {Rohlin, V. A.},
	TITLE = {Lectures on the entropy theory of transformations with
	invariant measure},
	JOURNAL = {Uspehi Mat. Nauk},
	FJOURNAL = {Akademiya Nauk SSSR i Moskovskoe Matematicheskoe Obshchestvo.
	Uspekhi Matematicheskikh Nauk},
	VOLUME = {22},
	YEAR = {1967},
	NUMBER = {5 (137)},
	PAGES = {3--56},
	ISSN = {0042-1316},
	MRCLASS = {28.70},
	MRNUMBER = {0217258},
	MRREVIEWER = {D. Newton},
}



@book {MR832433,
	AUTHOR = {Cornfeld, I. P. and Fomin, S. V. and Sinai, Ya. G.},
	TITLE = {Ergodic theory},
	SERIES = {Grundlehren der mathematischen Wissenschaften [Fundamental
	Principles of Mathematical Sciences]},
	VOLUME = {245},
	NOTE = {Translated from the Russian by A. B. Sosinskii},
	PUBLISHER = {Springer-Verlag, New York},
	YEAR = {1982},
	PAGES = {x+486},
	ISBN = {0-387-90580-4},
	MRCLASS = {28D05 (54H20 58F11)},
	MRNUMBER = {832433},
	MRREVIEWER = {D. Newton},
	DOI = {10.1007/978-1-4615-6927-5},
	URL = {https://doi.org/10.1007/978-1-4615-6927-5},
}



@book {MR3558990,
	AUTHOR = {Viana, Marcelo and Oliveira, Krerley},
	TITLE = {Foundations of ergodic theory},
	SERIES = {Cambridge Studies in Advanced Mathematics},
	VOLUME = {151},
	PUBLISHER = {Cambridge University Press, Cambridge},
	YEAR = {2016},
	PAGES = {xvi+530},
	ISBN = {978-1-107-12696-1},
	MRCLASS = {37-02 (28D05 37Axx 37D35 54H20)},
	MRNUMBER = {3558990},
	MRREVIEWER = {Douglas P. Dokken},
	DOI = {10.1017/CBO9781316422601},
	URL = {https://doi.org/10.1017/CBO9781316422601},
}
